<record><leader>00000cas a22000007a 4500</leader><controlfield tag="001">1554409</controlfield><controlfield tag="008">750817d19571983mnuwr ne      0    0eng d</controlfield><controlfield tag="009">501</controlfield><datafield ind1=" " ind2=" " tag="010"><subfield code="a">sn 90059120 </subfield></datafield><datafield ind1=" " ind2=" " tag="040"><subfield code="a">MUL</subfield><subfield code="b">eng</subfield><subfield code="c">MUL</subfield><subfield code="d">OCL</subfield><subfield code="d">MN#</subfield></datafield><datafield ind1="1" ind2=" " tag="029"><subfield code="a">AU@</subfield><subfield code="b">000025877465</subfield></datafield><datafield ind1=" " ind2=" " tag="042"><subfield code="a">msc</subfield></datafield><datafield ind1=" " ind2=" " tag="043"><subfield code="a">n-us-mn</subfield></datafield><datafield ind1=" " ind2=" " tag="052"><subfield code="a">4144</subfield><subfield code="b">C5</subfield></datafield><datafield ind1=" " ind2=" " tag="052"><subfield code="a">4143</subfield><subfield code="b">S2</subfield></datafield><datafield ind1="0" ind2=" " tag="130"><subfield code="a">Tribune-press (Chisholm, Minn.)</subfield></datafield><datafield ind1="0" ind2="4" tag="245"><subfield code="a">The tribune-press.</subfield></datafield><datafield ind1="0" ind2="0" tag="246"><subfield code="a">Tribune press</subfield></datafield><datafield ind1=" " ind2=" " tag="260"><subfield code="a">Chisholm, Minn. :</subfield><subfield code="b">Veda Ponikvar,</subfield><subfield code="c">1957-1983.</subfield></datafield><datafield ind1=" " ind2=" " tag="300"><subfield code="a">26 v.</subfield></datafield><datafield ind1=" " ind2=" " tag="310"><subfield code="a">Weekly</subfield></datafield><datafield ind1="0" ind2=" " tag="362"><subfield code="a">Vol. 1, no. 1 (Apr. 2, 1957)-v. 26, no. 1 (Apr. 12, 1983).</subfield></datafield><datafield ind1=" " ind2=" " tag="530"><subfield code="a">Available on microfilm from the Minnesota Historical Society.</subfield></datafield><datafield ind1=" " ind2=" " tag="752"><subfield code="a">United States</subfield><subfield code="b">Minnesota</subfield><subfield code="c">Saint Louis</subfield><subfield code="d">Chisholm.</subfield></datafield><datafield ind1="0" ind2="0" tag="780"><subfield code="t">Tribune-herald (Chisholm, Minn.)</subfield><subfield code="w">(DLC)sn 89064971</subfield></datafield><datafield ind1="0" ind2="7" tag="785"><subfield code="t">Free press (Chisholm, Minn.)</subfield><subfield code="w">(DLC)sn 89081130</subfield></datafield><datafield ind1="0" ind2="7" tag="785"><subfield code="t">Free press tribune-press</subfield><subfield code="w">(DLC)sn 89081131</subfield></datafield></record>